<?xml version="1.0" encoding="UTF-8"?><record xmlns="http://www.loc.gov/MARC21/slim" xmlns:cinclude="http://apache.org/cocoon/include/1.0" xmlns:zs="http://www.loc.gov/zing/srw/">
  <leader>00968nz  a2200205n  4500</leader>
  <controlfield tag="001">no2009020091</controlfield>
  <controlfield tag="003">DLC</controlfield>
  <controlfield tag="005">20090212082126.0</controlfield>
  <controlfield tag="008">090210n| acannaabn          |a aaa     c</controlfield>
  <datafield tag="010" ind1=" " ind2=" ">
    <subfield code="a">no2009020091</subfield>
  </datafield>
  <datafield tag="035" ind1=" " ind2=" ">
    <subfield code="a">(OCoLC)oca08010789</subfield>
  </datafield>
  <datafield tag="040" ind1=" " ind2=" ">
    <subfield code="a">MoSW-Mu</subfield>
    <subfield code="b">eng</subfield>
    <subfield code="c">MoSW-Mu</subfield>
  </datafield>
  <datafield tag="100" ind1="1" ind2=" ">
    <subfield code="a">Lebègue, Nicolas,</subfield>
    <subfield code="d">1631-1702.</subfield>
    <subfield code="t">Pièces d'orgue,</subfield>
    <subfield code="n">2e livre.</subfield>
    <subfield code="p">Trio du 4e ton</subfield>
  </datafield>
  <datafield tag="400" ind1="1" ind2=" ">
    <subfield code="a">Lebègue, Nicolas,</subfield>
    <subfield code="d">1631-1702.</subfield>
    <subfield code="t">Trio du 4e ton</subfield>
  </datafield>
  <datafield tag="400" ind1="1" ind2=" ">
    <subfield code="a">Lebègue, Nicolas,</subfield>
    <subfield code="d">1631-1702.</subfield>
    <subfield code="t">Tu solus</subfield>
  </datafield>
  <datafield tag="400" ind1="1" ind2=" ">
    <subfield code="a">Purcell, Henry,</subfield>
    <subfield code="d">1659-1695.</subfield>
    <subfield code="t">Verse in the Phrygian mode</subfield>
  </datafield>
  <datafield tag="400" ind1="1" ind2=" ">
    <subfield code="a">Purcell, Henry,</subfield>
    <subfield code="d">1659-1695.</subfield>
    <subfield code="t">Versets,</subfield>
    <subfield code="m">organ,</subfield>
    <subfield code="n">Z. S126</subfield>
  </datafield>
  <datafield tag="670" ind1=" " ind2=" ">
    <subfield code="a">Dart, T. English organ music [SR] 1958:</subfield>
    <subfield code="b">label (Verset / Purcell)</subfield>
  </datafield>
  <datafield tag="670" ind1=" " ind2=" ">
    <subfield code="a">Lebègue, N. Œuvres complètes d'orgue, 1903:</subfield>
    <subfield code="b">p. 109 ([Second livre d'orgue]. Trio du 4e. Tu solus)</subfield>
  </datafield>
  <datafield tag="670" ind1=" " ind2=" ">
    <subfield code="a">Zimmerman</subfield>
    <subfield code="b">(S!26, Verse in the Phygian mode; actually by N. Lebègue, published in his Second livre d'orgue as Trio du 4e (ton). Tu solus)</subfield>
  </datafield>
</record>